@misc{rein2023gpqagraduatelevelgoogleproofqa,
  title={GPQA: A Graduate-Level Google-Proof Q and A Benchmark},
  author={Rein, David and Hou, Betty Li and Stickland, Asa Cooper},
  year={2023},
  url={https://arxiv.org/abs/2311.12022}
}

@inproceedings{clark2018think,
  title={Think you have solved question answering? Try ARC, the AI2 Reasoning Challenge},
  author={Clark, Peter and Cowhey, Isaac and Etzioni, Oren},
  booktitle={EMNLP 2018},
  pages={237-248},
  year={2018},
  url={https://allenai.org/data/arc}
}

@misc{phan2025humanitysexam,
  archiveprefix = {arXiv},
  author        = {Long Phan and Alice Gatti and Ziwen Han and Nathaniel Li and Josephina Hu and Hugh Zhang and Chen Bo Calvin Zhang and Mohamed Shaaban and John Ling and Sean Shi and Michael Choi and Anish Agrawal and Arnav Chopra and Adam Khoja and Ryan Kim and Richard Ren and Jason Hausenloy and Oliver Zhang and Mantas Mazeika and Dmitry Dodonov and Tung Nguyen and Jaeho Lee and Daron Anderson and Mikhail Doroshenko and Alun Cennyth Stokes and Mobeen Mahmood and Oleksandr Pokutnyi and Oleg Iskra and Jessica P. Wang and John-Clark Levin and Mstyslav Kazakov and Fiona Feng and Steven Y. Feng and Haoran Zhao and Michael Yu and Varun Gangal and Chelsea Zou and Zihan Wang and Serguei Popov and Robert Gerbicz and Geoff Galgon and Johannes Schmitt and Will Yeadon and Yongki Lee and Scott Sauers and Alvaro Sanchez and Fabian Giska and Marc Roth and Søren Riis and Saiteja Utpala and Noah Burns and Gashaw M. Goshu and Mohinder Maheshbhai Naiya and Chidozie Agu and Zachary Giboney and Antrell Cheatom and Francesco Fournier-Facio and Sarah-Jane Crowson and Lennart Finke and Zerui Cheng and Jennifer Zampese and Ryan G. Hoerr and Mark Nandor and Hyunwoo Park and Tim Gehrunger and Jiaqi Cai and Ben McCarty and Alexis C Garretson and Edwin Taylor and Damien Sileo and Qiuyu Ren and Usman Qazi and Lianghui Li and Jungbae Nam and John B. Wydallis and Pavel Arkhipov and Jack Wei Lun Shi and Aras Bacho and Chris G. Willcocks and Hangrui Cao and Sumeet Motwani and Emily de Oliveira Santos and Johannes Veith and Edward Vendrow and Doru Cojoc and Kengo Zenitani and Joshua Robinson and Longke Tang and Yuqi Li and Joshua Vendrow and Natanael Wildner Fraga and Vladyslav Kuchkin and Andrey Pupasov Maksimov and Pierre Marion and Denis Efremov and Jayson Lynch and Kaiqu Liang and Aleksandar Mikov and Andrew Gritsevskiy and Julien Guillod and Gözdenur Demir and Dakotah Martinez and Ben Pageler and Kevin Zhou and Saeed Soori and Ori Press and Henry Tang and Paolo Rissone and Sean R. Green and Lina Brüssel and Moon Twayana and Aymeric Dieuleveut and Joseph Marvin Imperial and Ameya Prabhu and Jinzhou Yang and Nick Crispino and Arun Rao and Dimitri Zvonkine and Gabriel Loiseau and Mikhail Kalinin and Marco Lukas and Ciprian Manolescu and Nate Stambaugh and Subrata Mishra and Tad Hogg and Carlo Bosio and Brian P Coppola and Julian Salazar and Jaehyeok Jin and Rafael Sayous and Stefan Ivanov and Philippe Schwaller and Shaipranesh Senthilkuma and Andres M Bran and Andres Algaba and Kelsey Van den Houte and Lynn Van Der Sypt and Brecht Verbeken and David Noever and Alexei Kopylov and Benjamin Myklebust and Bikun Li and Lisa Schut and Evgenii Zheltonozhskii and Qiaochu Yuan and Derek Lim and Richard Stanley and Tong Yang and John Maar and Julian Wykowski and Martí Oller and Anmol Sahu and Cesare Giulio Ardito and Yuzheng Hu and Ariel Ghislain Kemogne Kamdoum and Alvin Jin and Tobias Garcia Vilchis and Yuexuan Zu and Martin Lackner and James Koppel and Gongbo Sun and Daniil S. Antonenko and Steffi Chern and Bingchen Zhao and Pierrot Arsene and Joseph M Cavanagh and Daofeng Li and Jiawei Shen and Donato Crisostomi and Wenjin Zhang and Ali Dehghan and Sergey Ivanov and David Perrella and Nurdin Kaparov and Allen Zang and Ilia Sucholutsky and Arina Kharlamova and Daniil Orel and Vladislav Poritski and Shalev Ben-David and Zachary Berger and Parker Whitfill and Michael Foster and Daniel Munro and Linh Ho and Shankar Sivarajan and Dan Bar Hava and Aleksey Kuchkin and David Holmes and Alexandra Rodriguez-Romero and Frank Sommerhage and Anji Zhang and Richard Moat and Keith Schneider and Zakayo Kazibwe and Don Clarke and Dae Hyun Kim and Felipe Meneguitti Dias and Sara Fish and Veit Elser and Tobias Kreiman and Victor Efren Guadarrama Vilchis and Immo Klose and Ujjwala Anantheswaran and Adam Zweiger and Kaivalya Rawal and Jeffery Li and Jeremy Nguyen and Nicolas Daans and Haline Heidinger and Maksim Radionov and Václav Rozhoň and Vincent Ginis and Christian Stump and Niv Cohen and Rafał Poświata and Josef Tkadlec and Alan Goldfarb and Chenguang Wang and Piotr Padlewski and Stanislaw Barzowski and Kyle Montgomery and Ryan Stendall and Jamie Tucker-Foltz and Jack Stade and T. Ryan Rogers and Tom Goertzen and Declan Grabb and Abhishek Shukla and Alan Givré and John Arnold Ambay and Archan Sen and Muhammad Fayez Aziz and Mark H Inlow and Hao He and Ling Zhang and Younesse Kaddar and Ivar Ängquist and Yanxu Chen and Harrison K Wang and Kalyan Ramakrishnan and Elliott Thornley and Antonio Terpin and Hailey Schoelkopf and Eric Zheng and Avishy Carmi and Ethan D. L. Brown and Kelin Zhu and Max Bartolo and Richard Wheeler and Martin Stehberger and Peter Bradshaw and JP Heimonen and Kaustubh Sridhar and Ido Akov and Jennifer Sandlin and Yury Makarychev and Joanna Tam and Hieu Hoang and David M. Cunningham and Vladimir Goryachev and Demosthenes Patramanis and Michael Krause and Andrew Redenti and David Aldous and Jesyin Lai and Shannon Coleman and Jiangnan Xu and Sangwon Lee and Ilias Magoulas and Sandy Zhao and Ning Tang and Michael K. Cohen and Orr Paradise and Jan Hendrik Kirchner and Maksym Ovchynnikov and Jason O. Matos and Adithya Shenoy and Michael Wang and Yuzhou Nie and Anna Sztyber-Betley and Paolo Faraboschi and Robin Riblet and Jonathan Crozier and Shiv Halasyamani and Shreyas Verma and Prashant Joshi and Eli Meril and Ziqiao Ma and Jérémy Andréoletti and Raghav Singhal and Jacob Platnick and Volodymyr Nevirkovets and Luke Basler and Alexander Ivanov and Seri Khoury and Nils Gustafsson and Marco Piccardo and Hamid Mostaghimi and Qijia Chen and Virendra Singh and Tran Quoc Khánh and Paul Rosu and Hannah Szlyk and Zachary Brown and Himanshu Narayan and Aline Menezes and Jonathan Roberts and William Alley and Kunyang Sun and Arkil Patel and Max Lamparth and Anka Reuel and Linwei Xin and Hanmeng Xu and Jacob Loader and Freddie Martin and Zixuan Wang and Andrea Achilleos and Thomas Preu and Tomek Korbak and Ida Bosio and Fereshteh Kazemi and Ziye Chen and Biró Bálint and Eve J. Y. Lo and Jiaqi Wang and Maria Inês S. Nunes and Jeremiah Milbauer and M Saiful Bari and Zihao Wang and Behzad Ansarinejad and Yewen Sun and Stephane Durand and Hossam Elgnainy and Guillaume Douville and Daniel Tordera and George Balabanian and Hew Wolff and Lynna Kvistad and Hsiaoyun Milliron and Ahmad Sakor and Murat Eron and Andrew Favre D. O. and Shailesh Shah and Xiaoxiang Zhou and Firuz Kamalov and Sherwin Abdoli and Tim Santens and Shaul Barkan and Allison Tee and Robin Zhang and Alessandro Tomasiello and G. Bruno De Luca and Shi-Zhuo Looi and Vinh-Kha Le and Noam Kolt and Jiayi Pan and Emma Rodman and Jacob Drori and Carl J Fossum and Niklas Muennighoff and Milind Jagota and Ronak Pradeep and Honglu Fan and Jonathan Eicher and Michael Chen and Kushal Thaman and William Merrill and Moritz Firsching and Carter Harris and Stefan Ciobâcă and Jason Gross and Rohan Pandey and Ilya Gusev and Adam Jones and Shashank Agnihotri and Pavel Zhelnov and Mohammadreza Mofayezi and Alexander Piperski and David K. Zhang and Kostiantyn Dobarskyi and Roman Leventov and Ignat Soroko and Joshua Duersch and Vage Taamazyan and Andrew Ho and Wenjie Ma and William Held and Ruicheng Xian and Armel Randy Zebaze and Mohanad Mohamed and Julian Noah Leser and Michelle X Yuan and Laila Yacar and Johannes Lengler and Katarzyna Olszewska and Claudio Di Fratta and Edson Oliveira and Joseph W. Jackson and Andy Zou and Muthu Chidambaram and Timothy Manik and Hector Haffenden and Dashiell Stander and Ali Dasouqi and Alexander Shen and Bita Golshani and David Stap and Egor Kretov and Mikalai Uzhou and Alina Borisovna Zhidkovskaya and Nick Winter and Miguel Orbegozo Rodriguez and Robert Lauff and Dustin Wehr and Colin Tang and Zaki Hossain and Shaun Phillips and Fortuna Samuele and Fredrik Ekström and Angela Hammon and Oam Patel and Faraz Farhidi and George Medley and Forough Mohammadzadeh and Madellene Peñaflor and Haile Kassahun and Alena Friedrich and Rayner Hernandez Perez and Daniel Pyda and Taom Sakal and Omkar Dhamane and Ali Khajegili Mirabadi and Eric Hallman and Kenchi Okutsu and Mike Battaglia and Mohammad Maghsoudimehrabani and Alon Amit and Dave Hulbert and Roberto Pereira and Simon Weber and Handoko and Anton Peristyy and Stephen Malina and Mustafa Mehkary and Rami Aly and Frank Reidegeld and Anna-Katharina Dick and Cary Friday and Mukhwinder Singh and Hassan Shapourian and Wanyoung Kim and Mariana Costa and Hubeyb Gurdogan and Harsh Kumar and Chiara Ceconello and Chao Zhuang and Haon Park and Micah Carroll and Andrew R. Tawfeek and Stefan Steinerberger and Daattavya Aggarwal and Michael Kirchhof and Linjie Dai and Evan Kim and Johan Ferret and Jainam Shah and Yuzhou Wang and Minghao Yan and Krzysztof Burdzy and Lixin Zhang and Antonio Franca and Diana T. Pham and Kang Yong Loh and Joshua Robinson and Abram Jackson and Paolo Giordano and Philipp Petersen and Adrian Cosma and Jesus Colino and Colin White and Jacob Votava and Vladimir Vinnikov and Ethan Delaney and Petr Spelda and Vit Stritecky and Syed M. Shahid and Jean-Christophe Mourrat and Lavr Vetoshkin and Koen Sponselee and Renas Bacho and Zheng-Xin Yong and Florencia de la Rosa and Nathan Cho and Xiuyu Li and Guillaume Malod and Orion Weller and Guglielmo Albani and Leon Lang and Julien Laurendeau and Dmitry Kazakov and Fatimah Adesanya and Julien Portier and Lawrence Hollom and Victor Souza and Yuchen Anna Zhou and Julien Degorre and Yiğit Yalın and Gbenga Daniel Obikoya and Rai and Filippo Bigi and M. C. Boscá and Oleg Shumar and Kaniuar Bacho and Gabriel Recchia and Mara Popescu and Nikita Shulga and Ngefor Mildred Tanwie and Thomas C. H. Lux and Ben Rank and Colin Ni and Matthew Brooks and Alesia Yakimchyk and Huanxu and Liu and Stefano Cavalleri and Olle Häggström and Emil Verkama and Joshua Newbould and Hans Gundlach and Leonor Brito-Santana and Brian Amaro and Vivek Vajipey and Rynaa Grover and Ting Wang and Yosi Kratish and Wen-Ding Li and Sivakanth Gopi and Andrea Caciolai and Christian Schroeder de Witt and Pablo Hernández-Cámara and Emanuele Rodolà and Jules Robins and Dominic Williamson and Vincent Cheng and Brad Raynor and Hao Qi and Ben Segev and Jingxuan Fan and Sarah Martinson and Erik Y. Wang and Kaylie Hausknecht and Michael P. Brenner and Mao Mao and Christoph Demian and Peyman Kassani and Xinyu Zhang and David Avagian and Eshawn Jessica Scipio and Alon Ragoler and Justin Tan and Blake Sims and Rebeka Plecnik and Aaron Kirtland and Omer Faruk Bodur and D. P. Shinde and Yan Carlos Leyva Labrador and Zahra Adoul and Mohamed Zekry and Ali Karakoc and Tania C. B. Santos and Samir Shamseldeen and Loukmane Karim and Anna Liakhovitskaia and Nate Resman and Nicholas Farina and Juan Carlos Gonzalez and Gabe Maayan and Earth Anderson and Rodrigo De Oliveira Pena and Elizabeth Kelley and Hodjat Mariji and Rasoul Pouriamanesh and Wentao Wu and Ross Finocchio and Ismail Alarab and Joshua Cole and Danyelle Ferreira and Bryan Johnson and Mohammad Safdari and Liangti Dai and Siriphan Arthornthurasuk and Isaac C. McAlister and Alejandro José Moyano and Alexey Pronin and Jing Fan and Angel Ramirez-Trinidad and Yana Malysheva and Daphiny Pottmaier and Omid Taheri and Stanley Stepanic and Samuel Perry and Luke Askew and Raúl Adrián Huerta Rodríguez and Ali M. R. Minissi and Ricardo Lorena and Krishnamurthy Iyer and Arshad Anil Fasiludeen and Ronald Clark and Josh Ducey and Matheus Piza and Maja Somrak and Eric Vergo and Juehang Qin and Benjámin Borbás and Eric Chu and Jack Lindsey and Antoine Jallon and I. M. J. McInnis and Evan Chen and Avi Semler and Luk Gloor and Tej Shah and Marc Carauleanu and Pascal Lauer and Tran Đuc Huy and Hossein Shahrtash and Emilien Duc and Lukas Lewark and Assaf Brown and Samuel Albanie and Brian Weber and Warren S. Vaz and Pierre Clavier and Yiyang Fan and Gabriel Poesia Reis e Silva and Long and Lian and Marcus Abramovitch and Xi Jiang and Sandra Mendoza and Murat Islam and Juan Gonzalez and Vasilios Mavroudis and Justin Xu and Pawan Kumar and Laxman Prasad Goswami and Daniel Bugas and Nasser Heydari and Ferenc Jeanplong and Thorben Jansen and Antonella Pinto and Archimedes Apronti and Abdallah Galal and Ng Ze-An and Ankit Singh and Tong Jiang and Joan of Arc Xavier and Kanu Priya Agarwal and Mohammed Berkani and Gang Zhang and Zhehang Du and Benedito Alves de Oliveira Junior and Dmitry Malishev and Nicolas Remy and Taylor D. Hartman and Tim Tarver and Stephen Mensah and Gautier Abou Loume and Wiktor Morak and Farzad Habibi and Sarah Hoback and Will Cai and Javier Gimenez and Roselynn Grace Montecillo and Jakub Łucki and Russell Campbell and Asankhaya Sharma and Khalida Meer and Shreen Gul and Daniel Espinosa Gonzalez and Xavier Alapont and Alex Hoover and Gunjan Chhablani and Freddie Vargus and Arunim Agarwal and Yibo Jiang and Deepakkumar Patil and David Outevsky and Kevin Joseph Scaria and Rajat Maheshwari and Abdelkader Dendane and Priti Shukla and Ashley Cartwright and Sergei Bogdanov and Niels Mündler and Sören Möller and Luca Arnaboldi and Kunvar Thaman and Muhammad Rehan Siddiqi and Prajvi Saxena and Himanshu Gupta and Tony Fruhauff and Glen Sherman and Mátyás Vincze and Siranut Usawasutsakorn and Dylan Ler and Anil Radhakrishnan and Innocent Enyekwe and Sk Md Salauddin and Jiang Muzhen and Aleksandr Maksapetyan and Vivien Rossbach and Chris Harjadi and Mohsen Bahaloohoreh and Claire Sparrow and Jasdeep Sidhu and Sam Ali and Song Bian and John Lai and Eric Singer and Justine Leon Uro and Greg Bateman and Mohamed Sayed and Ahmed Menshawy and Darling Duclosel and Dario Bezzi and Yashaswini Jain and Ashley Aaron and Murat Tiryakioglu and Sheeshram Siddh and Keith Krenek and Imad Ali Shah and Jun Jin and Scott Creighton and Denis Peskoff and Zienab EL-Wasif and Ragavendran P V and Michael Richmond and Joseph McGowan and Tejal Patwardhan and Hao-Yu Sun and Ting Sun and Nikola Zubić and Samuele Sala and Stephen Ebert and Jean Kaddour and Manuel Schottdorf and Dianzhuo Wang and Gerol Petruzella and Alex Meiburg and Tilen Medved and Ali ElSheikh and S Ashwin Hebbar and Lorenzo Vaquero and Xianjun Yang and Jason Poulos and Vilém Zouhar and Sergey Bogdanik and Mingfang Zhang and Jorge Sanz-Ros and David Anugraha and Yinwei Dai and Anh N. Nhu and Xue Wang and Ali Anil Demircali and Zhibai Jia and Yuyin Zhou and Juncheng Wu and Mike He and Nitin Chandok and Aarush Sinha and Gaoxiang Luo and Long Le and Mickaël Noyé and Michał Perełkiewicz and Ioannis Pantidis and Tianbo Qi and Soham Sachin Purohit and Letitia Parcalabescu and Thai-Hoa Nguyen and Genta Indra Winata and Edoardo M. Ponti and Hanchen Li and Kaustubh Dhole and Jongee Park and Dario Abbondanza and Yuanli Wang and Anupam Nayak and Diogo M. Caetano and Antonio A. W. L. Wong and Maria del Rio-Chanona and Dániel Kondor and Pieter Francois and Ed Chalstrey and Jakob Zsambok and Dan Hoyer and Jenny Reddish and Jakob Hauser and Francisco-Javier Rodrigo-Ginés and Suchandra Datta and Maxwell Shepherd and Thom Kamphuis and Qizheng Zhang and Hyunjun Kim and Ruiji Sun and Jianzhu Yao and Franck Dernoncourt and Satyapriya Krishna and Sina Rismanchian and Bonan Pu and Francesco Pinto and Yingheng Wang and Kumar Shridhar and Kalon J. Overholt and Glib Briia and Hieu Nguyen and David and Soler Bartomeu and Tony CY Pang and Adam Wecker and Yifan Xiong and Fanfei Li and Lukas S. Huber and Joshua Jaeger and Romano De Maddalena and Xing Han Lù and Yuhui Zhang and Claas Beger and Patrick Tser Jern Kon and Sean Li and Vivek Sanker and Ming Yin and Yihao Liang and Xinlu Zhang and Ankit Agrawal and Li S. Yifei and Zechen Zhang and Mu Cai and Yasin Sonmez and Costin Cozianu and Changhao Li and Alex Slen and Shoubin Yu and Hyun Kyu Park and Gabriele Sarti and Marcin Briański and Alessandro Stolfo and Truong An Nguyen and Mike Zhang and Yotam Perlitz and Jose Hernandez-Orallo and Runjia Li and Amin Shabani and Felix Juefei-Xu and Shikhar Dhingra and Orr Zohar and My Chiffon Nguyen and Alexander Pondaven and Abdurrahim Yilmaz and Xuandong Zhao and Chuanyang Jin and Muyan Jiang and Stefan Todoran and Xinyao Han and Jules Kreuer and Brian Rabern and Anna Plassart and Martino Maggetti and Luther Yap and Robert Geirhos and Jonathon Kean and Dingsu Wang and Sina Mollaei and Chenkai Sun and Yifan Yin and Shiqi Wang and Rui Li and Yaowen Chang and Anjiang Wei and Alice Bizeul and Xiaohan Wang and Alexandre Oliveira Arrais and Kushin Mukherjee and Jorge Chamorro-Padial and Jiachen Liu and Xingyu Qu and Junyi Guan and Adam Bouyamourn and Shuyu Wu and Martyna Plomecka and Junda Chen and Mengze Tang and Jiaqi Deng and Shreyas Subramanian and Haocheng Xi and Haoxuan Chen and Weizhi Zhang and Yinuo Ren and Haoqin Tu and Sejong Kim and Yushun Chen and Sara Vera Marjanović and Junwoo Ha and Grzegorz Luczyna and Jeff J. Ma and Zewen Shen and Dawn Song and Cedegao E. Zhang and Zhun Wang and Gaël Gendron and Yunze Xiao and Leo Smucker and Erica Weng and Kwok Hao Lee and Zhe Ye and Stefano Ermon and Ignacio D. Lopez-Miguel and Theo Knights and Anthony Gitter and Namkyu Park and Boyi Wei and Hongzheng Chen and Kunal Pai and Ahmed Elkhanany and Han Lin and Philipp D. Siedler and Jichao Fang and Ritwik Mishra and Károly Zsolnai-Fehér and Xilin Jiang and Shadab Khan and Jun Yuan and Rishab Kumar Jain and Xi Lin and Mike Peterson and Zhe Wang and Aditya Malusare and Maosen Tang and Isha Gupta and Ivan Fosin and Timothy Kang and Barbara Dworakowska and Kazuki Matsumoto and Guangyao Zheng and Gerben Sewuster and Jorge Pretel Villanueva and Ivan Rannev and Igor Chernyavsky and Jiale Chen and Deepayan Banik and Ben Racz and Wenchao Dong and Jianxin Wang and Laila Bashmal and Duarte V. Gonçalves and Wei Hu and Kaushik Bar and Ondrej Bohdal and Atharv Singh Patlan and Shehzaad Dhuliawala and Caroline Geirhos and Julien Wist and Yuval Kansal and Bingsen Chen and Kutay Tire and Atak Talay Yücel and Brandon Christof and Veerupaksh Singla and Zijian Song and Sanxing Chen and Jiaxin Ge and Kaustubh Ponkshe and Isaac Park and Tianneng Shi and Martin Q. Ma and Joshua Mak and Sherwin Lai and Antoine Moulin and Zhuo Cheng and Zhanda Zhu and Ziyi Zhang and Vaidehi Patil and Ketan Jha and Qiutong Men and Jiaxuan Wu and Tianchi Zhang and Bruno Hebling Vieira and Alham Fikri Aji and Jae-Won Chung and Mohammed Mahfoud and Ha Thi Hoang and Marc Sperzel and Wei Hao and Kristof Meding and Sihan Xu and Vassilis Kostakos and Davide Manini and Yueying Liu and Christopher Toukmaji and Jay Paek and Eunmi Yu and Arif Engin Demircali and Zhiyi Sun and Ivan Dewerpe and Hongsen Qin and Roman Pflugfelder and James Bailey and Johnathan Morris and Ville Heilala and Sybille Rosset and Zishun Yu and Peter E. Chen and Woongyeong Yeo and Eeshaan Jain and Ryan Yang and Sreekar Chigurupati and Julia Chernyavsky and Sai Prajwal Reddy and Subhashini Venugopalan and Hunar Batra and Core Francisco Park and Hieu Tran and Guilherme Maximiano and Genghan Zhang and Yizhuo Liang and Hu Shiyu and Rongwu Xu and Rui Pan and Siddharth Suresh and Ziqi Liu and Samaksh Gulati and Songyang Zhang and Peter Turchin and Christopher W. Bartlett and Christopher R. Scotese and Phuong M. Cao and Aakaash Nattanmai and Gordon McKellips and Anish Cheraku and Asim Suhail and Ethan Luo and Marvin Deng and Jason Luo and Ashley Zhang and Kavin Jindel and Jay Paek and Kasper Halevy and Allen Baranov and Michael Liu and Advaith Avadhanam and David Zhang and Vincent Cheng and Brad Ma and Evan Fu and Liam Do and Joshua Lass and Hubert Yang and Surya Sunkari and Vishruth Bharath and Violet Ai and James Leung and Rishit Agrawal and Alan Zhou and Kevin Chen and Tejas Kalpathi and Ziqi Xu and Gavin Wang and Tyler Xiao and Erik Maung and Sam Lee and Ryan Yang and Roy Yue and Ben Zhao and Julia Yoon and Sunny Sun and Aryan Singh and Ethan Luo and Clark Peng and Tyler Osbey and Taozhi Wang and Daryl Echeazu and Hubert Yang and Timothy Wu and Spandan Patel and Vidhi Kulkarni and Vijaykaarti Sundarapandiyan and Ashley Zhang and Andrew Le and Zafir Nasim and Srikar Yalam and Ritesh Kasamsetty and Soham Samal and Hubert Yang and David Sun and Nihar Shah and Abhijeet Saha and Alex Zhang and Leon Nguyen and Laasya Nagumalli and Kaixin Wang and Alan Zhou and Aidan Wu and Jason Luo and Anwith Telluri and Summer Yue and Alexandr Wang and Dan Hendrycks},
  eprint        = {2501.14249},
  primaryclass  = {cs.LG},
  title         = {Humanity's Last Exam},
  url           = {https://arxiv.org/abs/2501.14249},
  year          = {2025}
}

@misc{glazer2024frontiermathbenchmarkevaluatingadvanced,
  archiveprefix = {arXiv},
  author        = {Elliot Glazer and Ege Erdil and Tamay Besiroglu and Diego Chicharro and Evan Chen and Alex Gunning and Caroline Falkman Olsson and Jean-Stanislas Denain and Anson Ho and Emily de Oliveira Santos and Olli Järviniemi and Matthew Barnett and Robert Sandler and Matej Vrzala and Jaime Sevilla and Qiuyu Ren and Elizabeth Pratt and Lionel Levine and Grant Barkley and Natalie Stewart and Bogdan Grechuk and Tetiana Grechuk and Shreepranav Varma Enugandla and Mark Wildon},
  eprint        = {2411.04872},
  primaryclass  = {cs.AI},
  title         = {FrontierMath: A Benchmark for Evaluating Advanced Mathematical Reasoning in AI},
  url           = {https://arxiv.org/abs/2411.04872},
  year          = {2024}
}

@misc{tian2024scicoderesearchcodingbenchmark,
  archiveprefix = {arXiv},
  author        = {Minyang Tian and Luyu Gao and Shizhuo Dylan Zhang and Xinan Chen and Cunwei Fan and Xuefei Guo and Roland Haas and Pan Ji and Kittithat Krongchon and Yao Li and Shengyan Liu and Di Luo and Yutao Ma and Hao Tong and Kha Trinh and Chenyu Tian and Zihan Wang and Bohao Wu and Yanyu Xiong and Shengzhu Yin and Minhui Zhu and Kilian Lieret and Yanxin Lu and Genglin Liu and Yufeng Du and Tianhua Tao and Ofir Press and Jamie Callan and Eliu Huerta and Hao Peng},
  eprint        = {2407.13168},
  primaryclass  = {cs.AI},
  title         = {SciCode: A Research Coding Benchmark Curated by Scientists},
  url           = {https://arxiv.org/abs/2407.13168},
  year          = {2024}
}

@misc{www-aime,
  author = {TBD},
  title = {AIME},
  url = {https://www.vals.ai/benchmarks/aime-2025-03-13},
  month = mar,
  year = 2025,
  note = {[Online accessed 2025-06-24]}
}

@misc{huggingface2025math500,
  title={MATH-500},
  author={HuggingFaceH4},
  year={2025},
  url={https://huggingface.co/datasets/HuggingFaceH4/MATH-500}
}

@misc{curie2024,
  title={Scientific Reasoning Benchmarks from the CURIE Dataset},
  author={TODO: Add authors},
  year={2024},
  url={https://arxiv.org/abs/2404.02029}
}

@misc{allen2023feabench,
  title={FEABench: A Finite Element Analysis Benchmark},
  author={Allen Institute},
  year={2023},
  url={https://github.com/alleninstitute/feabench}
}

@misc{zhong2024spiqa,
  title={SPIQA: Scientific Paper Image Question Answering},
  author={Zhong, Xiaoyan and Gao, Yijian and Gururangan, Suchin},
  year={2024},
  url={https://arxiv.org/abs/2407.09413}
}

@misc{jin2020diseasedoespatienthave,
    archiveprefix = {arXiv},
    author        = {Di Jin and Eileen Pan and Nassim Oufattole and Wei-Hung Weng and Hanyi Fang and Peter Szolovits},
    eprint        = {2009.13081},
    primaryclass  = {cs.CL},
    title         = {What Disease does this Patient Have? A Large-scale Open Domain Question Answering Dataset from Medical Exams},
    url           = {https://arxiv.org/abs/2009.13081},
    year          = {2020}
  }

@misc{luo2025benchmarkingaiscientistsomics,
  archiveprefix = {arXiv},
  author        = {Erpai Luo and Jinmeng Jia and Yifan Xiong and Xiangyu Li and Xiaobo Guo and Baoqi Yu and Lei Wei and Xuegong Zhang},
  eprint        = {2505.08341},
  primaryclass  = {cs.AI},
  title         = {Benchmarking AI scientists in omics data-driven biological research},
  url           = {https://arxiv.org/abs/2505.08341},
  year          = {2025}
}

@misc{fang2024domainagnosticmoleculargenerationchemical,
  archiveprefix = {arXiv},
  author        = {Yin Fang and Ningyu Zhang and Zhuo Chen and Lingbing Guo and Xiaohui Fan and Huajun Chen},
  eprint        = {2301.11259},
  primaryclass  = {cs.LG},
  title         = {Domain-Agnostic Molecular Generation with Chemical Feedback},
  url           = {https://arxiv.org/abs/2301.11259},
  year          = {2024}
}

@misc{hu2021opengraphbenchmarkdatasets,
    archiveprefix = {arXiv},
    author        = {Weihua Hu and Matthias Fey and Marinka Zitnik and Yuxiao Dong and Hongyu Ren and Bowen Liu and Michele Catasta and Jure Leskovec},
    eprint        = {2005.00687},
    primaryclass  = {cs.LG},
    title         = {Open Graph Benchmark: Datasets for Machine Learning on Graphs},
    url           = {https://arxiv.org/abs/2005.00687},
    year          = {2021}
}

@article{jain2013materials,
  title={The Materials Project: A materials genome approach},
  author={Jain, Anubhav and Ong, Shyue Ping and Hautier, Geoffroy and Chen, Wei and Richards, William Davidson and Dacek, Stephen and Cholia, Shreyas and Gunter, Dan and Skinner, David and Ceder, Gerbrand and Persson, Kristin A.},
  journal={APL Materials},
  volume    = {1},
  number    = {1},
  year={2013},
  doi       = {10.1063/1.4812323},
  url={https://materialsproject.org/}
}

@article{chanussot2021oc20,
  title     = {The Open Catalyst 2020 (OC20) Dataset and Community Challenges},
  author    = {Chanussot, Lowik and Das, Abhishek and Goyal, Siddharth and Lavril, Thibaut and Shuaibi, Muhammed and Riviere, Morgane and Tran, Kevin and Heras-Domingo, Javier and Ho, Caleb and Hu, Weihua and Palizhati, Aini and Sriram, Anuroop and Wood, Brandon and Yoon, Junwoong and Parikh, Devi and Zitnick, C. Lawrence and Ulissi, Zachary},
  journal   = {ACS Catalysis},
  volume    = {11},
  number    = {10},
  pages     = {6059--6072},
  year      = {2021},
  doi       = {10.1021/acscatal.0c04525},
  url       = {https://pubs.acs.org/doi/10.1021/acscatal.0c04525}
}

@article{tran2023oc22,
  title     = {The Open Catalyst 2022 (OC22) Dataset and Challenges for Oxide Electrocatalysts},
  author    = {Tran, Richard and Lan, Janice and Shuaibi, Muhammed and Wood, Brandon M. and Goyal, Siddharth and Das, Abhishek and Heras-Domingo, Javier and Kolluru, Adeesh and Rizvi, Ammar and Shoghi, Nima and Sriram, Anuroop and Therrien, Félix and Abed, Jehad and Voznyy, Oleksandr and Sargent, Edward H. and Ulissi, Zachary and Zitnick, C. Lawrence},
  journal   = {ACS Catalysis},
  volume    = {13},
  number    = {5},
  pages     = {3066--3084},
  year      = {2023},
  doi       = {10.1021/acscatal.2c05426},
  url       = {https://pubs.acs.org/doi/10.1021/acscatal.2c05426}
}

@article{doi:10.1021/acscatal.0c04525,
  author = {Chanussot, Lowik and Das, Abhishek and Goyal, Siddharth and Lavril, Thibaut and Shuaibi, Muhammed and Riviere, Morgane and Tran, Kevin and Heras-Domingo, Javier and Ho, Caleb and Hu, Weihua and Palizhati, Aini and Sriram, Anuroop and Wood, Brandon and Yoon, Junwoong and Parikh, Devi and Zitnick, C. Lawrence and Ulissi, Zachary},
title = {Open Catalyst 2020 (OC20) Dataset and Community Challenges},
  journal = {ACS Catalysis},
  volume = {11},
  number = {10},
  pages = {6059-6072},
  year = {2021},
  doi = {10.1021/acscatal.0c04525},
  URL = {https://doi.org/10.1021/acscatal.0c04525},eprint = {https://doi.org/10.1021/acscatal.0c04525}}"

@article{tran2023b,
  title={The Open Catalyst 2022 (OC22) Dataset and Challenges for Oxide Electrocatalysts},
  volume={13},
  ISSN={2155-5435},
  url={http://dx.doi.org/10.1021/acscatal.2c05426},
  DOI={10.1021/acscatal.2c05426},
  number={5},
  journal={ACS Catalysis},
  publisher={American Chemical Society (ACS)},
  author={Tran, Richard and Lan, Janice and Shuaibi, Muhammed and Wood, Brandon M. and Goyal, Siddharth and Das, Abhishek and Heras-Domingo, Javier and Kolluru, Adeesh and Rizvi, Ammar and Shoghi, Nima and Sriram, Anuroop and Therrien, Félix and Abed, Jehad and Voznyy, Oleksandr and Sargent, Edward H. and Ulissi, Zachary and Zitnick, C. Lawrence},
  year={2023},
  month=feb, pages={3066-3084} 
}

@article{choudhary2024jarvis,
  title = {{JARVIS-Leaderboard}: a large scale benchmark of materials design methods},
author = {Choudhary, Kamal and Wines, Daniel and Li, Kangming and Garrity, Kevin F. and Gupta, Vishu and Romero, Aldo H. and Krogel, Jaron T. and Saritas, Kayahan and Fuhr, Addis and Ganesh, Panchapakesan and Kent, Paul R. C. and Yan, Keqiang and Lin, Yuchao and Ji, Shuiwang and Blaiszik, Ben and Reiser, Patrick and Friederich, Pascal and Agrawal, Ankit and Tiwary, Pratyush and Beyerle, Eric and Minch, Peter and Rhone, Trevor D. and Takeuchi, Ichiro and Wexler, Robert B. and Mannodi-Kanakkithodi, Arun and Ertekin, Elif and Mishra, Avanish and Mathew, Nithin and Wood, Mitchell and Rohskopf, Andrew D. and Hattrick-Simpers, Jason and Wang, Shih-Han and Achenie, Luke E. K. and Xin, Hongliang and Williams, Maureen and Biacchi, Adam J. and Tavazza, Francesca},
  journal = {npj Computational Materials},
  volume = {10},
  number = {1},
  pages = {93},
  year = {2024},
  doi = {10.1038/s41524-024-01259-w},
  url = {https://doi.org/10.1038/s41524-024-01259-w}
}

@inproceedings{kiwit2023,
  title={Application-Oriented Benchmarking of Quantum Generative Learning Using QUARK},
  url={http://dx.doi.org/10.1109/QCE57702.2023.00061},
  DOI={10.1109/qce57702.2023.00061},
  booktitle={2023 IEEE International Conference on Quantum Computing and Engineering (QCE)},
  publisher={IEEE},
  author={Kiwit, Florian J. and Marso, Marwa and Ross, Philipp and Riofrío, Carlos A. and Klepsch, Johannes and Luckow, Andre},
  year={2023},
  month=sep, pages={475-484}
}

@misc{luo2024cfdbenchlargescalebenchmarkmachine,
  title={CFDBench: A Large-Scale Benchmark for Machine Learning Methods in Fluid Dynamics},
  author={Luo, Yining and Chen, Yingfa and Zhang, Zhen},
  year={2024},
  url={https://arxiv.org/abs/2310.05963}
}

@misc{roberts2023satinmultitaskmetadatasetclassifying,
  title={SATIN: A Multi-Task Metadataset for Classifying Satellite Imagery using Vision-Language Models}, 
  author={Jonathan Roberts and Kai Han and Samuel Albanie},
  year={2023},
  eprint={2304.11619},
  archivePrefix={arXiv},
  primaryClass={cs.CV},
  url={https://arxiv.org/abs/2304.11619}, 
}

@misc{nguyen2023climatelearnbenchmarkingmachinelearning, 
  title={ClimateLearn: Benchmarking Machine Learning for Weather and Climate Modeling}, 
  author={Tung Nguyen and Jason Jewik and Hritik Bansal and Prakhar Sharma and Aditya Grover},
  year={2023}, eprint={2307.01909}, 
  archivePrefix={arXiv}, 
  primaryClass={cs.LG},
  url={https://arxiv.org/abs/2307.01909}
}

@misc{srivastava2023imitationgamequantifyingextrapolating,
  title={Beyond the Imitation Game: Quantifying and extrapolating the capabilities of language models}, 
  author={Aarohi Srivastava and Abhinav Rastogi and Abhishek Rao and Abu Awal Md Shoeb and Abubakar Abid and Adam Fisch and Adam R. Brown and Adam Santoro and Aditya Gupta and Adrià Garriga-Alonso and Agnieszka Kluska and Aitor Lewkowycz and Akshat Agarwal and Alethea Power and Alex Ray and Alex Warstadt and Alexander W. Kocurek and Ali Safaya and Ali Tazarv and Alice Xiang and Alicia Parrish and Allen Nie and Aman Hussain and Amanda Askell and Amanda Dsouza and Ambrose Slone and Ameet Rahane and Anantharaman S. Iyer and Anders Andreassen and Andrea Madotto and Andrea Santilli and Andreas Stuhlmüller and Andrew Dai and Andrew La and Andrew Lampinen and Andy Zou and Angela Jiang and Angelica Chen and Anh Vuong and Animesh Gupta and Anna Gottardi and Antonio Norelli and Anu Venkatesh and Arash Gholamidavoodi and Arfa Tabassum and Arul Menezes and Arun Kirubarajan and Asher Mullokandov and Ashish Sabharwal and Austin Herrick and Avia Efrat and Aykut Erdem and Ayla Karakaş and B. Ryan Roberts and Bao Sheng Loe and Barret Zoph and Bartłomiej Bojanowski and Batuhan Özyurt and Behnam Hedayatnia and Behnam Neyshabur and Benjamin Inden and Benno Stein and Berk Ekmekci and Bill Yuchen Lin and Blake Howald and Bryan Orinion and Cameron Diao and Cameron Dour and Catherine Stinson and Cedrick Argueta and César Ferri Ramírez and Chandan Singh and Charles Rathkopf and Chenlin Meng and Chitta Baral and Chiyu Wu and Chris Callison-Burch and Chris Waites and Christian Voigt and Christopher D. Manning and Christopher Potts and Cindy Ramirez and Clara E. Rivera and Clemencia Siro and Colin Raffel and Courtney Ashcraft and Cristina Garbacea and Damien Sileo and Dan Garrette and Dan Hendrycks and Dan Kilman and Dan Roth and Daniel Freeman and Daniel Khashabi and Daniel Levy and Daniel Moseguí González and Danielle Perszyk and Danny Hernandez and Danqi Chen and Daphne Ippolito and Dar Gilboa and David Dohan and David Drakard and David Jurgens and Debajyoti Datta and Deep Ganguli and Denis Emelin and Denis Kleyko and Deniz Yuret and Derek Chen and Derek Tam and Dieuwke Hupkes and Diganta Misra and Dilyar Buzan and Dimitri Coelho Mollo and Diyi Yang and Dong-Ho Lee and Dylan Schrader and Ekaterina Shutova and Ekin Dogus Cubuk and Elad Segal and Eleanor Hagerman and Elizabeth Barnes and Elizabeth Donoway and Ellie Pavlick and Emanuele Rodola and Emma Lam and Eric Chu and Eric Tang and Erkut Erdem and Ernie Chang and Ethan A. Chi and Ethan Dyer and Ethan Jerzak and Ethan Kim and Eunice Engefu Manyasi and Evgenii Zheltonozhskii and Fanyue Xia and Fatemeh Siar and Fernando Martínez-Plumed and Francesca Happé and Francois Chollet and Frieda Rong and Gaurav Mishra and Genta Indra Winata and Gerard de Melo and Germán Kruszewski and Giambattista Parascandolo and Giorgio Mariani and Gloria Wang and Gonzalo Jaimovitch-López and Gregor Betz and Guy Gur-Ari and Hana Galijasevic and Hannah Kim and Hannah Rashkin and Hannaneh Hajishirzi and Harsh Mehta and Hayden Bogar and Henry Shevlin and Hinrich Schütze and Hiromu Yakura and Hongming Zhang and Hugh Mee Wong and Ian Ng and Isaac Noble and Jaap Jumelet and Jack Geissinger and Jackson Kernion and Jacob Hilton and Jaehoon Lee and Jaime Fernández Fisac and James B. Simon and James Koppel and James Zheng and James Zou and Jan Kocoń and Jana Thompson and Janelle Wingfield and Jared Kaplan and Jarema Radom and Jascha Sohl-Dickstein and Jason Phang and Jason Wei and Jason Yosinski and Jekaterina Novikova and Jelle Bosscher and Jennifer Marsh and Jeremy Kim and Jeroen Taal and Jesse Engel and Jesujoba Alabi and Jiacheng Xu and Jiaming Song and Jillian Tang and Joan Waweru and John Burden and John Miller and John U. Balis and Jonathan Batchelder and Jonathan Berant and Jörg Frohberg and Jos Rozen and Jose Hernandez-Orallo and Joseph Boudeman and Joseph Guerr and Joseph Jones and Joshua B. Tenenbaum and Joshua S. Rule and Joyce Chua and Kamil Kanclerz and Karen Livescu and Karl Krauth and Karthik Gopalakrishnan and Katerina Ignatyeva and Katja Markert and Kaustubh D. Dhole and Kevin Gimpel and Kevin Omondi and Kory Mathewson and Kristen Chiafullo and Ksenia Shkaruta and Kumar Shridhar and Kyle McDonell and Kyle Richardson and Laria Reynolds and Leo Gao and Li Zhang and Liam Dugan and Lianhui Qin and Lidia Contreras-Ochando and Louis-Philippe Morency and Luca Moschella and Lucas Lam and Lucy Noble and Ludwig Schmidt and Luheng He and Luis Oliveros Colón and Luke Metz and Lütfi Kerem Şenel and Maarten Bosma and Maarten Sap and Maartje ter Hoeve and Maheen Farooqi and Manaal Faruqui and Mantas Mazeika and Marco Baturan and Marco Marelli and Marco Maru and Maria Jose Ramírez Quintana and Marie Tolkiehn and Mario Giulianelli and Martha Lewis and Martin Potthast and Matthew L. Leavitt and Matthias Hagen and Mátyás Schubert and Medina Orduna Baitemirova and Melody Arnaud and Melvin McElrath and Michael A. Yee and Michael Cohen and Michael Gu and Michael Ivanitskiy and Michael Starritt and Michael Strube and Michał Swędrowski and Michele Bevilacqua and Michihiro Yasunaga and Mihir Kale and Mike Cain and Mimee Xu and Mirac Suzgun and Mitch Walker and Mo Tiwari and Mohit Bansal and Moin Aminnaseri and Mor Geva and Mozhdeh Gheini and Mukund Varma T and Nanyun Peng and Nathan A. Chi and Nayeon Lee and Neta Gur-Ari Krakover and Nicholas Cameron and Nicholas Roberts and Nick Doiron and Nicole Martinez and Nikita Nangia and Niklas Deckers and Niklas Muennighoff and Nitish Shirish Keskar and Niveditha S. Iyer and Noah Constant and Noah Fiedel and Nuan Wen and Oliver Zhang and Omar Agha and Omar Elbaghdadi and Omer Levy and Owain Evans and Pablo Antonio Moreno Casares and Parth Doshi and Pascale Fung and Paul Pu Liang and Paul Vicol and Pegah Alipoormolabashi and Peiyuan Liao and Percy Liang and Peter Chang and Peter Eckersley and Phu Mon Htut and Pinyu Hwang and Piotr Miłkowski and Piyush Patil and Pouya Pezeshkpour and Priti Oli and Qiaozhu Mei and Qing Lyu and Qinlang Chen and Rabin Banjade and Rachel Etta Rudolph and Raefer Gabriel and Rahel Habacker and Ramon Risco and Raphaël Millière and Rhythm Garg and Richard Barnes and Rif A. Saurous and Riku Arakawa and Robbe Raymaekers and Robert Frank and Rohan Sikand and Roman Novak and Roman Sitelew and Ronan LeBras and Rosanne Liu and Rowan Jacobs and Rui Zhang and Ruslan Salakhutdinov and Ryan Chi and Ryan Lee and Ryan Stovall and Ryan Teehan and Rylan Yang and Sahib Singh and Saif M. Mohammad and Sajant Anand and Sam Dillavou and Sam Shleifer and Sam Wiseman and Samuel Gruetter and Samuel R. Bowman and Samuel S. Schoenholz and Sanghyun Han and Sanjeev Kwatra and Sarah A. Rous and Sarik Ghazarian and Sayan Ghosh and Sean Casey and Sebastian Bischoff and Sebastian Gehrmann and Sebastian Schuster and Sepideh Sadeghi and Shadi Hamdan and Sharon Zhou and Shashank Srivastava and Sherry Shi and Shikhar Singh and Shima Asaadi and Shixiang Shane Gu and Shubh Pachchigar and Shubham Toshniwal and Shyam Upadhyay and Shyamolima and Debnath and Siamak Shakeri and Simon Thormeyer and Simone Melzi and Siva Reddy and Sneha Priscilla Makini and Soo-Hwan Lee and Spencer Torene and Sriharsha Hatwar and Stanislas Dehaene and Stefan Divic and Stefano Ermon and Stella Biderman and Stephanie Lin and Stephen Prasad and Steven T. Piantadosi and Stuart M. Shieber and Summer Misherghi and Svetlana Kiritchenko and Swaroop Mishra and Tal Linzen and Tal Schuster and Tao Li and Tao Yu and Tariq Ali and Tatsu Hashimoto and Te-Lin Wu and Théo Desbordes and Theodore Rothschild and Thomas Phan and Tianle Wang and Tiberius Nkinyili and Timo Schick and Timofei Kornev and Titus Tunduny and Tobias Gerstenberg and Trenton Chang and Trishala Neeraj and Tushar Khot and Tyler Shultz and Uri Shaham and Vedant Misra and Vera Demberg and Victoria Nyamai and Vikas Raunak and Vinay Ramasesh and Vinay Uday Prabhu and Vishakh Padmakumar and Vivek Srikumar and William Fedus and William Saunders and William Zhang and Wout Vossen and Xiang Ren and Xiaoyu Tong and Xinran Zhao and Xinyi Wu and Xudong Shen and Yadollah Yaghoobzadeh and Yair Lakretz and Yangqiu Song and Yasaman Bahri and Yejin Choi and Yichi Yang and Yiding Hao and Yifu Chen and Yonatan Belinkov and Yu Hou and Yufang Hou and Yuntao Bai and Zachary Seid and Zhuoye Zhao and Zijian Wang and Zijie J. Wang and Zirui Wang and Ziyi Wu},
  year={2023},
  eprint={2206.04615},
  archivePrefix={arXiv},
  primaryClass={cs.CL},
  url={https://arxiv.org/abs/2206.04615}, 
}

@misc{talmor2019commonsenseqaquestionansweringchallenge,
  title={CommonsenseQA: A Question Answering Challenge Targeting Commonsense Knowledge}, 
  author={Alon Talmor and Jonathan Herzig and Nicholas Lourie and Jonathan Berant},
  year={2019},
  eprint={1811.00937},
  archivePrefix={arXiv},
  primaryClass={cs.CL},
  url={https://arxiv.org/abs/1811.00937}, 
}

@misc{sakaguchi2019winograndeadversarialwinogradschema,
  archiveprefix = {arXiv},
  author        = {Keisuke Sakaguchi and Ronan Le Bras and Chandra Bhagavatula and Yejin Choi},
  eprint        = {1907.10641},
  primaryclass  = {cs.CL},
  title         = {WinoGrande: An Adversarial Winograd Schema Challenge at Scale},
  url           = {https://arxiv.org/abs/1907.10641},
  year          = {2019}
}